{
  "leader": "02760cam a2200457Ii 4500",
  "fields": [
    {
      "001": "ocm02919576\\"
    },
    {
      "003": "OCoLC"
    },
    {
      "005": "20220701103559.0"
    },
    {
      "008": "770426t19191919nyu\\\\\\\\\\\\b\\\\\\\\001\\0\\eng\\\\"
    },
    {
      "010": {
        "ind1": "\\",
        "ind2": "\\",
        "subfields": [
          {
            "a": "   19000804 "
          }
        ]
      }
    },
    {
      "040": {
        "ind1": "\\",
        "ind2": "\\",
        "subfields": [
          {
            "a": "DLC"
          },
          {
            "b": "eng"
          },
          {
            "e": "rda"
          },
          {
            "c": "VJA"
          },
          {
            "d": "DLC"
          },
          {
            "d": "OCLCQ"
          },
          {
            "d": "OCLCG"
          },
          {
            "d": "DEBBG"
          },
          {
            "d": "OCLCF"
          },
          {
            "d": "OCLCO"
          },
          {
            "d": "OCLCQ"
          },
          {
            "d": "NDD"
          },
          {
            "d": "OCL"
          },
          {
            "d": "OCLCQ"
          },
          {
            "d": "UWO"
          },
          {
            "d": "YUS"
          },
          {
            "d": "OCLCO"
          },
          {
            "d": "CASUM"
          },
          {
            "d": "OCLCO"
          }
        ]
      }
    },
    {
      "019": {
        "ind1": "\\",
        "ind2": "\\",
        "subfields": [
          {
            "a": "975296960"
          },
          {
            "a": "979575869"
          },
          {
            "a": "980008898"
          },
          {
            "a": "1026232636"
          },
          {
            "a": "1026334514"
          },
          {
            "a": "1039579110"
          },
          {
            "a": "1039594754"
          },
          {
            "a": "1048969772"
          },
          {
            "a": "1049713759"
          },
          {
            "a": "1053094340"
          },
          {
            "a": "1077944064"
          },
          {
            "a": "1081052182"
          },
          {
            "a": "1111666224"
          },
          {
            "a": "1124285848"
          },
          {
            "a": "1127496631"
          },
          {
            "a": "1130281951"
          },
          {
            "a": "1263985648"
          }
        ]
      }
    },
    {
      "035": {
        "ind1": "\\",
        "ind2": "\\",
        "subfields": [
          {
            "a": "(OCoLC)2919576"
          },
          {
            "z": "(OCoLC)975296960"
          },
          {
            "z": "(OCoLC)979575869"
          },
          {
            "z": "(OCoLC)980008898"
          },
          {
            "z": "(OCoLC)1026232636"
          },
          {
            "z": "(OCoLC)1026334514"
          },
          {
            "z": "(OCoLC)1039579110"
          },
          {
            "z": "(OCoLC)1039594754"
          },
          {
            "z": "(OCoLC)1048969772"
          },
          {
            "z": "(OCoLC)1049713759"
          },
          {
            "z": "(OCoLC)1053094340"
          },
          {
            "z": "(OCoLC)1077944064"
          },
          {
            "z": "(OCoLC)1081052182"
          },
          {
            "z": "(OCoLC)1111666224"
          },
          {
            "z": "(OCoLC)1124285848"
          },
          {
            "z": "(OCoLC)1127496631"
          },
          {
            "z": "(OCoLC)1130281951"
          },
          {
            "z": "(OCoLC)1263985648"
          }
        ]
      }
    },
    {
      "043": {
        "ind1": "\\",
        "ind2": "\\",
        "subfields": [
          {
            "a": "n-us---"
          }
        ]
      }
    },
    {
      "050": {
        "ind1": "0",
        "ind2": "0",
        "subfields": [
          {
            "a": "HV91"
          },
          {
            "b": ".W3 1919"
          }
        ]
      }
    },
    {
      "082": {
        "ind1": "0",
        "ind2": "4",
        "subfields": [
          {
            "a": "361"
          },
          {
            "b": "WAR"
          }
        ]
      }
    },
    {
      "100": {
        "ind1": "1",
        "ind2": "\\",
        "subfields": [
          {
            "a": "Warner, Amos Griswold,"
          },
          {
            "d": "1861-1900,"
          },
          {
            "e": "author."
          }
        ]
      }
    },
    {
      "245": {
        "ind1": "1",
        "ind2": "0",
        "subfields": [
          {
            "a": "American charities /"
          },
          {
            "c": "by Amos G. Warner, Ph.D. ; revised by Mary Roberts Coolidge, Ph.D. ; with a biographical preface by George Elliott Howard, Ph.D."
          }
        ]
      }
    },
    {
      "250": {
        "ind1": "\\",
        "ind2": "\\",
        "subfields": [
          {
            "a": "Third edition."
          }
        ]
      }
    },
    {
      "264": {
        "ind1": "\\",
        "ind2": "1",
        "subfields": [
          {
            "a": "New York :"
          },
          {
            "b": "Thomas Y. Crowell Company,"
          },
          {
            "c": "[1919]"
          }
        ]
      }
    },
    {
      "264": {
        "ind1": "\\",
        "ind2": "4",
        "subfields": [
          {
            "c": "\u00a91919"
          }
        ]
      }
    },
    {
      "300": {
        "ind1": "\\",
        "ind2": "\\",
        "subfields": [
          {
            "a": "xxii, 541 pages, 1 folded leaf of pates :"
          },
          {
            "b": "diagrams ;"
          },
          {
            "c": "21 cm"
          }
        ]
      }
    },
    {
      "336": {
        "ind1": "\\",
        "ind2": "\\",
        "subfields": [
          {
            "a": "text"
          },
          {
            "b": "txt"
          },
          {
            "2": "rdacontent"
          }
        ]
      }
    },
    {
      "337": {
        "ind1": "\\",
        "ind2": "\\",
        "subfields": [
          {
            "a": "unmediated"
          },
          {
            "b": "n"
          },
          {
            "2": "rdamedia"
          }
        ]
      }
    },
    {
      "338": {
        "ind1": "\\",
        "ind2": "\\",
        "subfields": [
          {
            "a": "volume"
          },
          {
            "b": "nc"
          },
          {
            "2": "rdacarrier"
          }
        ]
      }
    },
    {
      "504": {
        "ind1": "\\",
        "ind2": "\\",
        "subfields": [
          {
            "a": "Includes bibliographical references (pages 491-515) and index."
          }
        ]
      }
    },
    {
      "583": {
        "ind1": "1",
        "ind2": "\\",
        "subfields": [
          {
            "a": "committed to retain"
          },
          {
            "c": "20170930"
          },
          {
            "d": "20421231"
          },
          {
            "f": "HathiTrust"
          },
          {
            "5": "CtY"
          },
          {
            "z": "To help ensure preservation of print and digital collections, this title is retained by Yale University Library on behalf of the HathiTrust Shared Print Program."
          }
        ]
      }
    },
    {
      "650": {
        "ind1": "\\",
        "ind2": "0",
        "subfields": [
          {
            "a": "Charities"
          },
          {
            "z": "United States."
          }
        ]
      }
    },
    {
      "650": {
        "ind1": "\\",
        "ind2": "0",
        "subfields": [
          {
            "a": "Poverty"
          },
          {
            "z": "United States."
          }
        ]
      }
    },
    {
      "650": {
        "ind1": "1",
        "ind2": "2",
        "subfields": [
          {
            "a": "Charities"
          }
        ]
      }
    },
    {
      "650": {
        "ind1": "\\",
        "ind2": "7",
        "subfields": [
          {
            "a": "Poverty."
          },
          {
            "2": "fast"
          },
          {
            "0": "(OCoLC)fst01074093"
          }
        ]
      }
    },
    {
      "650": {
        "ind1": "\\",
        "ind2": "7",
        "subfields": [
          {
            "a": "Charities."
          },
          {
            "2": "fast"
          },
          {
            "0": "(OCoLC)fst00852404"
          }
        ]
      }
    },
    {
      "651": {
        "ind1": "\\",
        "ind2": "7",
        "subfields": [
          {
            "a": "United States."
          },
          {
            "2": "fast"
          },
          {
            "0": "(OCoLC)fst01204155"
          }
        ]
      }
    },
    {
      "700": {
        "ind1": "1",
        "ind2": "\\",
        "subfields": [
          {
            "a": "Coolidge, Mary Roberts,"
          },
          {
            "d": "1860-1945,"
          },
          {
            "e": "editor."
          }
        ]
      }
    },
    {
      "700": {
        "ind1": "1",
        "ind2": "\\",
        "subfields": [
          {
            "a": "Howard, George Elliott,"
          },
          {
            "d": "1849-1928,"
          },
          {
            "e": "author of introduction, etc."
          }
        ]
      }
    },
    {
      "710": {
        "ind1": "2",
        "ind2": "\\",
        "subfields": [
          {
            "a": "Thomas Y. Crowell Company,"
          },
          {
            "e": "publisher."
          }
        ]
      }
    },
    {
      "776": {
        "ind1": "0",
        "ind2": "8",
        "subfields": [
          {
            "i": "Online version:"
          },
          {
            "a": "Warner, Amos Griswold, 1861-1900."
          },
          {
            "t": "American charities."
          },
          {
            "b": "3d ed."
          },
          {
            "d": "New York, T.Y. Crowell & Co. [\u00a91919]"
          },
          {
            "w": "(OCoLC)953976146"
          }
        ]
      }
    },
    {
      "856": {
        "ind1": "4",
        "ind2": "\\",
        "subfields": [
          {
            "z": "Connect to Internet resource"
          },
          {
            "x": "Scholars Portal Open Content Alliance"
          },
          {
            "u": "https://www.lib.uwo.ca/cgi-bin/ezpauthn.cgi?url=http://books.scholarsportal.info/viewdoc.html?id=/ebooks/oca7/40/americancharit00warn"
          }
        ]
      }
    },
    {
      "994": {
        "ind1": "\\",
        "ind2": "\\",
        "subfields": [
          {
            "a": "Z0"
          },
          {
            "b": "NYRVC"
          }
        ]
      }
    },
    {
      "948": {
        "ind1": "\\",
        "ind2": "\\",
        "subfields": [
          {
            "h": "NO HOLDINGS IN NYRVC - 139 OTHER HOLDINGS"
          }
        ]
      }
    },
    {
      "999": {
        "ind1": "\\",
        "ind2": "\\",
        "subfields": [
          {
            "a": "no barcode"
          }
        ]
      }
    }
  ]
}